<?xml version="1.0" encoding="UTF-8"?><collection xmlns="http://www.loc.gov/MARC21/slim"><record><leader>00358nam--2200133-i-4500</leader><controlfield tag="001">000031694</controlfield><controlfield tag="002">20161230</controlfield><controlfield tag="005">20161230201038</controlfield><controlfield tag="008">060222s1000------------r-----000-0-eng-d</controlfield><datafield ind1=" " ind2=" " tag="100"><subfield code="a">Septier, Albert L</subfield></datafield><datafield ind1=" " ind2=" " tag="260"><subfield code="a">Linear Accelerators</subfield></datafield><datafield ind1=" " ind2=" " tag="490"><subfield code="a">Amsterdam, North-holland Publishing Comp., 1970. Xxi+1204p</subfield></datafield><datafield ind1=" " ind2=" " tag="700"><subfield code="a">Lapostolle, Pierre M</subfield></datafield><datafield ind1=" " ind2=" " tag="852"><subfield code="a">621.384.64</subfield></datafield></record></collection>